@article{gogal,
author = {Gogal, Maria and Goga, Nicolae},
isbn = {0780382536},
issn = {08407789},
pages = {673--676},
title = {{Feelings Based Computer Music}},
year = {2004}
}

@article{ghose,
author = {Ghose, Debraj},
doi = {10.1109/IMPETUS.2014.6775874},
isbn = {9789332902640},
journal = {2014 Int. Conf. IMpact E-Technology US, IMPETUS 2014},
keywords = {Audio format,algorithmic composition,musical scale,probabilistic selection},
pages = {29--33},
title = {{An algorithm for a digital audio format to simulate improvisations in recorded music}},
year = {2014}
}

@manual{tragtenberg,
	Author = {Livio Tragtenberg},
	Title = {Contraponto: Uma Arte de Compor},
	Year = {1961},
	Address = {São Paulo, Brasil},
	Pages = {266},
	isbn = {85-314-0209-3},
}

@manual{inmetro2003,
	Author = {INMETRO},
	Title = {Vocabulário internacional de termos fundamentais e gerais de
	metrologia},
	Year = {2013},
	Address = {Rio de Janeiro, Brasil},
	Pages = {75},
	isbn = {85-87090-90-9},
}

@manual{bohumil,
	Author = {Bohumil Med},
	Title = {Teoria da Música},
	Year = {1996},
	Address = {Brasília, Brasil},
	Pages = {420},
	isbn = {85-7092-039-3},
}

@manual{jeppesen,
	Author = {Knud Jeppesen},
	Title = {Counterpoint: the polyphonic vocal style of the Sixteenth Century},
	Year = {1992},
	Address = {Nova York, Estados Unidos da América},
	Pages = {320},
	isbn = {978-0486270364},
}

@manual{koellreuter,
	Author = {H.J. Koellreuter and Hans Joachim},
	Title = {Contraponto Modal do Século XVI (Palestrina)},
	Year = {1996},
	Address = {Brasília, Brasil},
	Pages = {85},
	isbn = {85-85886-03-X},
}

@manual{halim,
	Author = {Steven Halim},
	Title = {Competitive Programming 3},
	Year = {2013},
	Address = {Singapura},
	Pages = {447},
}

@manual{vinicius,
	Author = {Vinícius Manhães Teles},
	Title = {Extreme Programming},
	Year = {2014},
	Address = {Rio de Janeiro, Brasil},
	Pages = {328},
	isbn = {978-85-7522-400-7},
}

@inproceedings{soviero1997,
	Author = {P. A. O. Soviero and L. G. M. Lavagna},
	Title = {A Numerical Model for Thin Airfoils in Unsteady Motion},
	Year = {1997},
	Pages = {332-340},
	Volume = {19},
	Number = {3},
	Booktitle = {Journal of the Brazilian Societyt Mechanical Sciences},
}

@inproceedings{sparrow1980,
	Author = {E. M. Sparrow},
	Title = {Forced Convection Heat Transfer in a Duct Having Spanwise-Periodic
	Rectangular Protuberances},
	Year = {1980},
	Pages = {149-167},
	Volume = {3},
	Booktitle = {Numerical Heat Transfer},
}

@article{clark1986,
	Author = {J. A. Clark},
	Title = {Private Communication},
	Year = {1986},
	Address = {University of Michigan},
}

@article{arruda2007,
	Author = {M. B. B. Arruda},
	Title = {Como fazer referências: bibliográficas, eletrônicas e demais
	formas de documentos},
	Year = {2007},
	Url = {http://bu.ufsc.br/framerefer.html}
}

@article{coimbra1978,
	Author = {A. L. Coimbra},
	Title = {Lessons of Continuum Mechanics},
	Year = {1978},
	Address = {São Paulo, Brazil},
	Pages = {428},
	Editor = {Edgard Blücher},
}

@inproceedings{bordalo1989,
	Author = {S. N. Bordalo and J. H. Ferziger and S. J. Kline},
	Title = {The Development of Zonal Models for Turbulence},
	Year = {1989},
	Pages = {41-44},
	Booktitle = {Proceedings of the 10th Brazilian Congress of Mechanical
	Engineering},
	Volume = {1},
}

@manual{NBR14724:2011,
	Address = {Rio de Janeiro},
	Date-Added = {2012-12-15 20:34:08 +0000},
	Date-Modified = {2012-12-15 20:35:25 +0000},
	Month = mar,
	Org-Short = {ABNT},
	Organization = {Associa{\c c}\~ao Brasileira de Normas T\'ecnicas},
	Pages = 15,
	Subtitle = {Informa{\c c}\~ao e documenta{\c c}\~ao --- trabalhos acad\^emicos --- apresenta{\c c}\~ao},
	Title = {{NBR} 14724},
	Year = 2011
}

@manual{NBR6034:2000,
	Address = {Rio de Janeiro},
	Org-Short = {ABNT},
	Organization = {Associa{\c c}\~ao Brasileira de Normas T\'ecnicas},
	Subtitle = {Informa{\c c}\~ao e documenta{\c c}\~ao --- Referências},
	Title = {{NBR} 14724},
	Year = 2000
}
